<record><leader>00000cas a22000007a 4500</leader><controlfield tag="001">17807653</controlfield><controlfield tag="008">880418c19699999laudn ne      0    0eng d</controlfield><datafield ind1=" " ind2=" " tag="010"><subfield code="a">sn 88064326 </subfield></datafield><datafield ind1=" " ind2=" " tag="040"><subfield code="a">LNP</subfield><subfield code="b">eng</subfield><subfield code="c">LNP</subfield><subfield code="d">OCLCQ</subfield><subfield code="d">OCLCF</subfield><subfield code="d">OCLCO</subfield></datafield><datafield ind1="1" ind2=" " tag="029"><subfield code="a">AU@</subfield><subfield code="b">000020502654</subfield></datafield><datafield ind1=" " ind2=" " tag="042"><subfield code="a">msc</subfield></datafield><datafield ind1=" " ind2=" " tag="043"><subfield code="a">n-us-la</subfield></datafield><datafield ind1="0" ind2=" " tag="130"><subfield code="a">Daily Iberian (New Iberia, La. : 1969)</subfield></datafield><datafield ind1="1" ind2="4" tag="245"><subfield code="a">The Daily Iberian.</subfield></datafield><datafield ind1="1" ind2="3" tag="246"><subfield code="a">Daily Iberian-Jeanerette enterprise</subfield></datafield><datafield ind1="3" ind2="0" tag="246"><subfield code="a">Sunday Iberian</subfield></datafield><datafield ind1="3" ind2="0" tag="246"><subfield code="a">Saturday Iberian</subfield></datafield><datafield ind1=" " ind2=" " tag="260"><subfield code="a">New Iberia-Jeanerette, La. :</subfield><subfield code="b">Teche Pub. Co.</subfield></datafield><datafield ind1=" " ind2=" " tag="310"><subfield code="a">Daily (except Sat.),</subfield><subfield code="b">Dec. 30, 2001-</subfield></datafield><datafield ind1=" " ind2=" " tag="321"><subfield code="a">Daily,</subfield><subfield code="b">1969-Dec. 29, 2001</subfield></datafield><datafield ind1="0" ind2=" " tag="362"><subfield code="a">76th year, no. 99 (June 4, 1969)-</subfield></datafield><datafield ind1=" " ind2=" " tag="500"><subfield code="a">On Sunday published as: Sunday Iberian, Oct. 4, 1970-Feb. 21, 1982.</subfield></datafield><datafield ind1=" " ind2=" " tag="500"><subfield code="a">On Saturday published as: Saturday Iberian, Apr. 7, 1979-Feb. 27, 1982.</subfield></datafield><datafield ind1=" " ind2=" " tag="500"><subfield code="a">Published in New Iberia, June 14, 1974-</subfield></datafield><datafield ind1=" " ind2="0" tag="651"><subfield code="a">New Iberia (La.)</subfield><subfield code="v">Newspapers.</subfield></datafield><datafield ind1=" " ind2="0" tag="651"><subfield code="a">Iberia Parish (La.)</subfield><subfield code="v">Newspapers.</subfield></datafield><datafield ind1=" " ind2="7" tag="655"><subfield code="a">Newspapers.</subfield><subfield code="2">fast</subfield><subfield code="0">(OCoLC)fst01423814</subfield></datafield><datafield ind1=" " ind2="7" tag="651"><subfield code="a">Louisiana</subfield><subfield code="z">Iberia Parish.</subfield><subfield code="2">fast</subfield><subfield code="0">(OCoLC)fst01207570</subfield></datafield><datafield ind1=" " ind2="7" tag="651"><subfield code="a">Louisiana</subfield><subfield code="z">New Iberia.</subfield><subfield code="2">fast</subfield><subfield code="0">(OCoLC)fst01206431</subfield></datafield><datafield ind1=" " ind2=" " tag="752"><subfield code="a">United States</subfield><subfield code="b">Louisiana</subfield><subfield code="c">Iberia</subfield><subfield code="d">New Iberia.</subfield></datafield><datafield ind1=" " ind2=" " tag="752"><subfield code="a">United States</subfield><subfield code="b">Louisiana</subfield><subfield code="c">Iberia</subfield><subfield code="d">Jeanerette.</subfield></datafield><datafield ind1="0" ind2="0" tag="780"><subfield code="t">Daily Iberian and Jeanerette enterprise</subfield><subfield code="w">(DLC)sn 88064325</subfield></datafield></record>